<?xml version="1.0" encoding="UTF-8"?><collection xmlns="http://www.loc.gov/MARC21/slim"><record><leader>00481nam--2200157-i-4500</leader><controlfield tag="001">000024287</controlfield><controlfield tag="002">20161230</controlfield><controlfield tag="005">20170123160903</controlfield><controlfield tag="008">060222s1000------------r-----000-0-eng-d</controlfield><datafield ind1=" " ind2=" " tag="080"><subfield code="a">517.58:517.986.68(043)</subfield></datafield><datafield ind1="1" ind2=" " tag="100"><subfield code="a">Huttner, Marc</subfield></datafield><datafield ind1="1" ind2="0" tag="245"><subfield code="a">Mesures de l`irrationalite de certains nombres lies aux fonctions hypergeometriques</subfield><subfield code="b">these</subfield></datafield><datafield ind1=" " ind2=" " tag="260"><subfield code="a">Lille</subfield><subfield code="b">Universite Des Sciences Et Techniques</subfield><subfield code="c">1981</subfield></datafield><datafield ind1=" " ind2=" " tag="300"><subfield code="a">100 P</subfield></datafield><datafield ind1=" " ind2=" " tag="852"><subfield code="a">71145</subfield><subfield code="c">517.5</subfield></datafield><datafield ind1=" " ind2=" " tag="CAT"><subfield code="a">SYS</subfield><subfield code="c">20170123</subfield><subfield code="h">160903</subfield></datafield></record></collection>